2732 4652
470 333 473 344 ·
593 283 666 358 101

15 519 16 550 Ρ
127 436 200 520 ram
221 452 340 520 tradita
358 454 439 542 siut,
473 469 509 521 ut
533 455 622 522 inter
642 471 699 544 tot
714 453 909 548 opinionum
931 435 1137 538 commentas
1202 521 1205 528 ,

125 569 226 642 dubia
242 591 274 638 et
291 571 452 640 dissensus
467 572 566 666 plena
582 583 707 642 constet
721 571 818 642 nobis
833 569 889 640 lux
905 563 1124 655 revelationis

21 777 24 786 γ
126 708 215 756 certa
235 689 314 791 fidei
338 691 478 785 vitaeque
502 683 684 780 magistra3
706 695 749 762 ita
773 703 874 776 vero,
896 709 1041 758 auctores
1064 689 1124 756 etsi

23 827 26 834 ’
123 793 276 878 homines
291 809 457 896 habemus,
479 809 621 876 humana
636 830 717 879 voce
733 807 916 904 loquentes,
936 831 1004 875 sus
1008 829 1124 899 queru-

124 949 192 1018 que
208 929 352 1012 ratione,
383 951 442 996 suo
458 926 544 1020 stylo
559 944 700 1011 utentes,
733 946 900 1014 augustum
913 943 948 992 et
967 936 1124 992 eternum
1139 949 1145 960 ’

122 1047 267 1124 numinis
296 1043 464 1168 οιιοιι1ιιιι
494 1047 626 1114 auribus
657 1065 810 1112 resonare
844 1043 1018 1112 credimus.
1045 1039 1123 1108 Sie

120 1159 330 1283 Augustinus,
345 1165 397 1231 cui
403 1150 520 1238 inanis
533 1163 663 1232 tumidi
660 1163 853 1256 turgidique
861 1185 1021 1230 sermonis
1036 1178 1121 1230 ιιι-ιι(
1181 1165 1187 1177 “

117 1283 207 1375 pitus
221 1303 340 1399 perum
353 1281 515 1375 placebat,
529 1307 598 1350 non
620 1279 760 1358 multum
764 1305 893 1400 operar
898 1279 1120 1372 temporisque
1145 1273 1153 1289 '

117 1391 299 1468 consumsit
313 1402 350 1469 in
364 1403 528 1488 majestate
542 1395 721 1493 scripture
736 1423 834 1466 sacre
819 1393 1023 1466 ineffabili
1020 1415 1061 1462 ct
1065 1398 1120 1463 in·
1139 1441 1141 1446 -
1208 1487 1219 1506 ο

116 1516 212 1588 finita
233 1519 351 1588 verbis
362 1519 545 1602 efferenda,
566 1517 643 1603 sed,
649 1505 833 1612 propius
827 1538 926 1584 --rem
944 1509 1120 1604 aggressus,

116 1632 268 1722 'diligens
282 1655 315 1706 et
335 1637 490 1707 assiduus
505 1639 598 1705 fuit
587 1663 625 1704 m
647 1638 688 1704 iis
711 1631 906 1721 redicendis,
935 1659 1007 1728 quae
1033 1631 1120 1702 ffirili
1185 1643 1188 1648 “
1246 1621 1247 1628 ¹

114 1751 316 1876 pierumque
334 1753 518 1855 srivoiaque
531 1754 648 1843 linguai
663 1749 840 1850 Scripturas
857 1747 1118 1857 opponebauurr',
1223 1789 1228 1794 ·

113 1891 156 1940 ut
181 1856 308 1940 cerium
332 1875 498 1942 omnibus
508 1893 540 1943 et
564 1871 753 1969 persuasum
771 1891 872 1954 esset,
902 1870 993 1937 hunc
1014 1871 1117 1938 verbi
1197 1863 1202 1886 '

112 1990 225 2058 divini
248 1981 342 2058 usum
366 1983 529 2059 eximium
541 2017 628 2078 esse,
650 1990 775 2085 quod
764 2009 890 2076 integra
912 2007 944 2058 et
974 1988 1117 2083 perfecta
1179 1990 1184 1996 '

83 2162 86 2172 .
112 2111 238 2178 veritas
260 2105 446 2180 homnibus
468 2127 606 2202 pateat,
624 2126 763 2178 tantum
772 2132 862 2176 vero
877 2105 986 2183 libro
993 2112 1115 2202 scripto

10 2235 12 2312 j
113 2227 222 2292 tribui
245 2211 324 2303 non
333 2251 447 2324 posse,
475 2227 540 2306 nisi
560 2228 632 2297 Deo
659 2223 818 2317 singulari
840 2220 940 2296 modo
967 2239 1114 2320 acceptus
1188 2316 1195 2334 l

111 2343 251 2412 seratur.
351 2417 353 2424 ‚

207 2455 271 2534 Hie
288 2485 371 2532 vero
383 2434 530 2560 primurn
541 2467 577 2535 in
591 2467 803 2580 quaestionem
821 2465 936 2536 incidit
961 2468 1003 2535 de
1023 2471 1117 2536 vari·

112 2569 186 2652 trite
214 2607 342 2694 evange
342 2586 489 2667 liorem,
517 2578 644 2680 deque
648 2589 774 2656 ratione
794 2609 832 2652 ea
846 2557 1063 2671 conciliandi,¹
1079 2589 1116 2653 in

113 2699 234 2794 quibus
253 2699 410 2789 singula
400 2721 487 2770 mter
512 2729 547 2772 se
571 2700 627 2772 vel
653 2691 845 2772 dissentiunt
866 2701 921 2774 vel
943 2701 1114 2772 dissentire
1231 2763 1233 2772 .

113 2820 297 2905 videntur,
310 2813 534 2945 questionem
539 2819 705 2892 difficilem
722 2821 873 2916 quidem,
889 2841 1004 2914 neque
1024 2811 1113 2904 (1ιῶ-
1158 2829 1161 2834 “

113 2935 267 3006 ciliorem
289 2921 415 3025 sarneia,
440 2965 544 3050 quam
561 2961 596 3010 ut
621 2939 706 3011 s'olvi
731 2940 798 3008 fide
825 2960 857 3009 et
879 2942 998 3035 pietate
1027 2939 1115 3010 salvs
1154 2995 1161 3006 .

111 3057 229 3156 possit.
270 3061 390 3150 Neque
414 3055 644 3146 Au‘gus'tinus
632 3083 673 3128 rs
685 3071 770 3144 erat,
792 3062 859 3153 qui
867 3063 961 3154 pium
973 3079 1112 3156 putaret,

112 3173 239 3268 siquid
254 3173 447 3246 dubitationi
460 3176 571 3248 locum
583 3179 731 3273 praebere
747 3195 874 3272 posset,
895 3173 1022 3246 silentio
1034 3203 1115 3274 pre-

111 3315 204 3360 mere
228 3312 282 3361 aut
305 3291 381 3364 velo
398 3295 573 3374 artificioso
590 3295 754 3384 condere,'
769 3296 836 3366 hoc
856 3291 1114 3390 potiusgintelli-
1145 3331 1148 3336 ·
1299 3363 1308 3372 .

113 3413 194 3498 g'cn's
218 3411 393 3500 doctorem
408 3420 537 3502 egregie
551 3414 685 3498 decere,
707 3417 748 3482 iis
770 3409 974 3507 explorando
994 3412 1132 3482 *discum

111 3529 302 3624 tiendoque-
315 3533 445 3601 obvium
467 3534 534 3617 ire,
565 3555 639 3626 quas
660 3514 870 3600 revelationis
892 3534 1112 3605 auctoritatem

111 3667 294 3752 suspectam
309 3650 448 3740 reddere
462 3633 612 3747 possessu
632 3669 668 3717 ut
681 3647 784 3718 fidem
798 3651 941 3719 muniret
954 3671 986 3720 et
1001 3643 1112 3722 tuere-

107 3786 188 3854 tur,
220 3795 237 3834 a
260 3772 448 3866 cpmmentis
472 3764 710 3866 superstitionis
730 3788 762 3856 et
778 3769 975 3848 credulitatis
989 3791 1112 3862 purga·

109 3903 196 3970 tam,
225 3885 265 3952 ab
290 3890 412 3982 impetu
434 3887 667 3958 incredulitatis
689 3893 721 3958 et
734 3891 929 3984 scepticismi
945 3909 1109 3966 securam

109 4005 225 4108 timide
245 4008 403 4090 nimirum
431 4023 662 4110 expavescere,
682 4009 727 4076 'si
758 4006 865 4074 lucem
892 4002 1110 4110 meditationis
